<?xml version="1.0" encoding="UTF-8"?><collection xmlns="http://www.loc.gov/MARC21/slim"><record><leader>00675nam--2200229-u-4500</leader><controlfield tag="001">000050320</controlfield><controlfield tag="002">20161230</controlfield><controlfield tag="003">81769</controlfield><controlfield tag="005">20161230201048</controlfield><controlfield tag="008">060531s1000------------r-----000-0-eng-d</controlfield><datafield ind1=" " ind2=" " tag="020"><subfield code="a">0738201731</subfield></datafield><datafield ind1=" " ind2=" " tag="040"><subfield code="a">IFIN-HH</subfield></datafield><datafield ind1=" " ind2=" " tag="041"><subfield code="a">eng</subfield></datafield><datafield ind1="1" ind2=" " tag="100"><subfield code="a">Milburn, Gerard J</subfield></datafield><datafield ind1="1" ind2="0" tag="245"><subfield code="a">The Feynman Processor</subfield><subfield code="b">Qunatum entanglement and the computing revolution</subfield><subfield code="c">Gerard J. Milburn</subfield></datafield><datafield ind1=" " ind2=" " tag="260"><subfield code="a">New York</subfield><subfield code="b">Basic Books</subfield><subfield code="c">1998</subfield></datafield><datafield ind1=" " ind2=" " tag="300"><subfield code="a">xiv, 213 p</subfield></datafield><datafield ind1=" " ind2="0" tag="490"><subfield code="a">Frontiers of Science, Series editor: Paul Davies</subfield></datafield><datafield ind1=" " ind2=" " tag="504"><subfield code="a">Contine Glosar, Referinte bibliografice si Index</subfield></datafield><datafield ind1=" " ind2=" " tag="650"><subfield code="a">Computing</subfield></datafield><datafield ind1=" " ind2=" " tag="852"><subfield code="a">81769</subfield><subfield code="c">530.14</subfield></datafield><datafield ind1=" " ind2=" " tag="CAT"><subfield code="a">Sys</subfield><subfield code="c">20110328</subfield><subfield code="h">090541</subfield></datafield></record></collection>